%% This BibTeX bibliography file was created using BibDesk.
%% http://bibdesk.sourceforge.net/

%% Created for William at 2019-10-25 02:15:17 -0400 


%% Saved with string encoding Unicode (UTF-8) 



@inproceedings{zhuxiaojin,
	Author = {Ziaojin Zhu},
	Booktitle = {Twenty-Ninth AAAI Conference on Artificial Intelligence},
	Date-Added = {2019-10-24 12:02:23 -0400},
	Date-Modified = {2019-10-24 12:03:02 -0400},
	Title = {Machine teaching: An inverse problem to machine learning and an approach toward optimal education},
	Year = {2015}}

@article{goldman,
	Author = {Sally Goldman, Michael Kearns},
	Date-Added = {2019-10-24 12:00:21 -0400},
	Date-Modified = {2019-10-24 12:01:37 -0400},
	Journal = {Journal of Computer and System Sciences},
	Number = {1},
	Pages = {20-31},
	Title = {On the complexity of teaching},
	Volume = {50},
	Year = {1995}}

@inproceedings{zhu,
	Author = {Shike Mei, Xiaojin Zhu},
	Booktitle = {Twenty-Ninth AAAI Conference on Artificial Intelligence},
	Date-Added = {2019-10-24 11:58:19 -0400},
	Date-Modified = {2019-10-24 11:59:48 -0400},
	Title = {Using machine teaching to identify optimal training-set attacks on machine learners},
	Year = {2015}}
